<record xmlns='http://www.loc.gov/MARC21/slim'><leader>04454cam a2200865 i 4500</leader><controlfield tag='005'>20250707213018.0</controlfield><controlfield tag='006'>m     o  d        </controlfield><controlfield tag='007'>cr |||||||||||</controlfield><controlfield tag='008'>201216t20222022nyuab   obf   001 0 eng  </controlfield><controlfield tag='001'>991039333886103811</controlfield><datafield ind1=' ' ind2=' ' tag='010'><subfield code='a'>  2020056935</subfield></datafield><datafield ind1=' ' ind2=' ' tag='020'><subfield code='a'>9780429431760</subfield><subfield code='q'>electronic book</subfield></datafield><datafield ind1=' ' ind2=' ' tag='020'><subfield code='a'>0429431767</subfield><subfield code='q'>electronic book</subfield></datafield><datafield ind1=' ' ind2=' ' tag='020'><subfield code='a'>9780429776960</subfield><subfield code='q'>electronic book</subfield></datafield><datafield ind1=' ' ind2=' ' tag='020'><subfield code='a'>0429776969</subfield><subfield code='q'>electronic book</subfield></datafield><datafield ind1=' ' ind2=' ' tag='020'><subfield code='a'>9780429776946</subfield><subfield code='q'>electronic book</subfield></datafield><datafield ind1=' ' ind2=' ' tag='020'><subfield code='a'>0429776942</subfield><subfield code='q'>electronic book</subfield></datafield><datafield ind1=' ' ind2=' ' tag='020'><subfield code='a'>9780429776953</subfield><subfield code='q'>electronic book</subfield></datafield><datafield ind1=' ' ind2=' ' tag='020'><subfield code='a'>0429776950</subfield><subfield code='q'>electronic book</subfield></datafield><datafield ind1=' ' ind2=' ' tag='020'><subfield code='z'>9781138363113</subfield><subfield code='q'>hardcover</subfield></datafield><datafield ind1=' ' ind2=' ' tag='020'><subfield code='z'>9781138363120</subfield><subfield code='q'>paperback</subfield></datafield><datafield ind1='7' ind2=' ' tag='024'><subfield code='a'>10.4324/9780429431760</subfield><subfield code='2'>doi</subfield></datafield><datafield ind1=' ' ind2=' ' tag='035'><subfield code='a'>(OCoLC)1227865421</subfield></datafield><datafield ind1=' ' ind2=' ' tag='035'><subfield code='a'>(OCoLC)on1227865421</subfield></datafield><datafield ind1=' ' ind2=' ' tag='037'><subfield code='a'>9780429431760</subfield><subfield code='b'>Taylor &amp; Francis</subfield></datafield><datafield ind1=' ' ind2=' ' tag='040'><subfield code='a'>DLC</subfield><subfield code='b'>eng</subfield><subfield code='e'>rda</subfield><subfield code='c'>DLC</subfield><subfield code='d'>OCLCO</subfield><subfield code='d'>OCLCF</subfield><subfield code='d'>TYFRS</subfield><subfield code='d'>UKMGB</subfield><subfield code='d'>YDX</subfield><subfield code='d'>OCLCO</subfield><subfield code='d'>OCLCQ</subfield><subfield code='d'>VRC</subfield><subfield code='d'>SFB</subfield><subfield code='d'>OCLCQ</subfield><subfield code='d'>QGK</subfield><subfield code='d'>WSU</subfield><subfield code='d'>OCLCO</subfield><subfield code='d'>OCLCL</subfield><subfield code='d'>OCLCQ</subfield><subfield code='d'>EMRUN</subfield><subfield code='d'>OCLCO</subfield><subfield code='d'>OCLCQ</subfield></datafield><datafield ind1=' ' ind2=' ' tag='042'><subfield code='a'>pcc</subfield></datafield><datafield ind1=' ' ind2=' ' tag='049'><subfield code='a'>TEUU</subfield></datafield><datafield ind1=' ' ind2='4' tag='050'><subfield code='a'>GN307.7</subfield><subfield code='b'>.H65 2022eb</subfield></datafield><datafield ind1='0' ind2='4' tag='050'><subfield code='a'>GN307.7</subfield><subfield code='b'>.H65 2022</subfield></datafield><datafield ind1='0' ind2='0' tag='082'><subfield code='a'>305.8</subfield><subfield code='2'>23</subfield></datafield><datafield ind1='0' ind2='0' tag='245'><subfield code='a'>Handbook of autoethnography /</subfield><subfield code='c'>edited by Tony E. Adams, Stacy Holman Jones and Carolyn Ellis.</subfield></datafield><datafield ind1=' ' ind2=' ' tag='250'><subfield code='a'>Second edition.</subfield></datafield><datafield ind1=' ' ind2='1' tag='264'><subfield code='a'>New York, NY :</subfield><subfield code='b'>Routledge,</subfield><subfield code='c'>2022.</subfield></datafield><datafield ind1=' ' ind2='4' tag='264'><subfield code='c'>©2022</subfield></datafield><datafield ind1=' ' ind2=' ' tag='300'><subfield code='a'>1 online resource (xxiv, 539 pages) :</subfield><subfield code='b'>illustrations, maps</subfield></datafield><datafield ind1=' ' ind2=' ' tag='336'><subfield code='a'>text</subfield><subfield code='b'>txt</subfield><subfield code='2'>rdacontent</subfield></datafield><datafield ind1=' ' ind2=' ' tag='337'><subfield code='a'>computer</subfield><subfield code='b'>c</subfield><subfield code='2'>rdamedia</subfield></datafield><datafield ind1=' ' ind2=' ' tag='338'><subfield code='a'>online resource</subfield><subfield code='b'>cr</subfield><subfield code='2'>rdacarrier</subfield></datafield><datafield ind1=' ' ind2=' ' tag='500'><subfield code='a'>Previous edition entered under: Holman Jones, Stacy Linn.</subfield></datafield><datafield ind1=' ' ind2=' ' tag='504'><subfield code='a'>Includes bibliographical references and index.</subfield></datafield><datafield ind1=' ' ind2=' ' tag='520'><subfield code='a'>&quot;The second edition of this seminal text in the field of autoethnography considers the development and establishing of a fast-moving discipline since the publication of the first edition. Seven of the original handbook chapters are revised; the rest are original contributions and exemplars from some of the most established scholars in the field. A substantially revised structure makes the thematic organisation easier to follow. Combining established scholarship with innovative new contributions, Handbook of Autoethnography will be of interest to all those teaching and studying graduate and undergraduate courses in autoethnography and qualitative research&quot;--</subfield><subfield code='c'>Provided by publisher.</subfield></datafield><datafield ind1='0' ind2=' ' tag='545'><subfield code='a'>Tony E. Adams is a Professor and Chair of Communication at Bradley University, USA. Stacy Holman Jones is Professor in the Sir Zelman Cowen School of Music and Performance at Monash University, Australia. Carolyn Ellis is Distinguished University Professor Emerita at the University of South Florida, USA.</subfield></datafield><datafield ind1=' ' ind2=' ' tag='588'><subfield code='a'>Description based on online resource; title from digital title page (viewed on August 20, 2021).</subfield></datafield><datafield ind1=' ' ind2=' ' tag='599'><subfield code='a'>Taylor &amp; Francis</subfield><subfield code='b'>Taylor &amp; Francis All eBooks</subfield></datafield><datafield ind1=' ' ind2=' ' tag='599'><subfield code='a'>OCLC</subfield><subfield code='b'>WorldCat Holdings</subfield></datafield><datafield ind1=' ' ind2=' ' tag='590'><subfield code='a'>Access is available to the Temple Community through use of a networked computer with a Temple IP address.</subfield></datafield><datafield ind1=' ' ind2='0' tag='650'><subfield code='a'>Ethnology</subfield><subfield code='x'>Authorship.</subfield></datafield><datafield ind1=' ' ind2='0' tag='650'><subfield code='a'>Ethnology</subfield><subfield code='x'>Research.</subfield></datafield><datafield ind1=' ' ind2='0' tag='650'><subfield code='a'>Ethnology</subfield><subfield code='x'>Methodology.</subfield></datafield><datafield ind1=' ' ind2='7' tag='650'><subfield code='a'>Ethnology</subfield><subfield code='x'>Authorship</subfield><subfield code='2'>fast</subfield></datafield><datafield ind1=' ' ind2='7' tag='650'><subfield code='a'>Ethnology</subfield><subfield code='x'>Methodology</subfield><subfield code='2'>fast</subfield></datafield><datafield ind1=' ' ind2='7' tag='650'><subfield code='a'>Ethnology</subfield><subfield code='x'>Research</subfield><subfield code='2'>fast</subfield></datafield><datafield ind1=' ' ind2='7' tag='655'><subfield code='a'>handbooks.</subfield><subfield code='2'>aat</subfield></datafield><datafield ind1=' ' ind2='7' tag='655'><subfield code='a'>Handbooks and manuals.</subfield><subfield code='2'>lcgft</subfield></datafield><datafield ind1=' ' ind2='7' tag='655'><subfield code='a'>Guides et manuels.</subfield><subfield code='2'>rvmgf</subfield></datafield><datafield ind1='1' ind2=' ' tag='700'><subfield code='a'>Adams, Tony E.,</subfield><subfield code='e'>editor.</subfield><subfield code='1'>https://id.oclc.org/worldcat/entity/E39PCjxJjVg8b7RVDcMYMWWXYd</subfield></datafield><datafield ind1='1' ind2=' ' tag='700'><subfield code='a'>Holman Jones, Stacy Linn,</subfield><subfield code='d'>1966-</subfield><subfield code='e'>editor.</subfield><subfield code='1'>https://id.oclc.org/worldcat/entity/E39PCjFXd33RtTcFcybmtfgbBd</subfield></datafield><datafield ind1='1' ind2=' ' tag='700'><subfield code='a'>Ellis, Carolyn,</subfield><subfield code='d'>1950-</subfield><subfield code='e'>editor.</subfield><subfield code='1'>https://id.oclc.org/worldcat/entity/E39PBJvhmFBVPBcjBc48tJrjG3</subfield></datafield><datafield ind1='0' ind2='8' tag='776'><subfield code='i'>Print version:</subfield><subfield code='t'>Handbook of autoethnography</subfield><subfield code='b'>Second edition.</subfield><subfield code='d'>New York, NY : Routledge, 2021.</subfield><subfield code='z'>9781138363113</subfield><subfield code='w'>(DLC)  2020056934</subfield></datafield><datafield ind1='4' ind2='0' tag='856'><subfield code='u'>https://libproxy.temple.edu/login?url=https://www.taylorfrancis.com/books/9780429431760</subfield></datafield><datafield ind1=' ' ind2=' ' tag='979'><subfield code='a'>on1227865421</subfield></datafield><datafield ind1=' ' ind2=' ' tag='ADM'><subfield code='b'>2025-07-10 08:26:54</subfield><subfield code='e'>on1227865421</subfield><subfield code='d'>OCLC</subfield><subfield code='f'>20250707213018.0</subfield><subfield code='a'>2025-07-09 12:19:20</subfield><subfield code='c'>false</subfield></datafield><datafield ind1=' ' ind2=' ' tag='PRT'><subfield code='i'>61732286470003811</subfield><subfield code='updated'>2025-07-09 12:19:31</subfield><subfield code='c'>Taylor &amp; Francis Ebooks</subfield><subfield code='created'>2025-07-09 12:19:29</subfield><subfield code='j'>62732286460003811</subfield><subfield code='a'>53732963840003811</subfield><subfield code='b'>https://sandbox01-na.alma.exlibrisgroup.com/view/uresolver/01TULI_INST/openurl?u.ignore_date_coverage=true&amp;rft.mms_id=991039333886103811</subfield><subfield code='9'>Available</subfield><subfield code='8'>53732963840003811</subfield></datafield></record>